<?xml version="1.0" encoding="UTF-8"?><record xmlns="http://www.loc.gov/MARC21/slim" xmlns:cinclude="http://apache.org/cocoon/include/1.0" xmlns:zs="http://www.loc.gov/zing/srw/">
  <leader>00889cz  a2200145n  4500</leader>
  <controlfield tag="001">nr 00029518 </controlfield>
  <controlfield tag="003">DLC</controlfield>
  <controlfield tag="005">20120814083540.0</controlfield>
  <controlfield tag="008">000918n| acannaabn          |a ana     c</controlfield>
  <datafield tag="010" ind1=" " ind2=" ">
    <subfield code="a">nr 00029518 </subfield>
  </datafield>
  <datafield tag="040" ind1=" " ind2=" ">
    <subfield code="a">CSt</subfield>
    <subfield code="b">eng</subfield>
    <subfield code="c">CSt</subfield>
    <subfield code="d">DLC</subfield>
  </datafield>
  <datafield tag="111" ind1="2" ind2=" ">
    <subfield code="a">Rossiĭskai︠a︡ nauchno-prakticheskai︠a︡ konferent︠s︡ii︠a︡ "Ėtnicheskiĭ faktor i politika--istorii︠a︡ i sovremennostʹ"</subfield>
    <subfield code="d">(2000 :</subfield>
    <subfield code="c">Izhevsk, Russia)</subfield>
  </datafield>
  <datafield tag="411" ind1="2" ind2=" ">
    <subfield code="a">Konferent︠s︡ii︠a︡ "Ėtnicheskiĭ faktor i politika--istorii︠a︡ i sovremennostʹ,Rossiĭskai︠a︡ nauchno-prakticheskai︠a︡</subfield>
  </datafield>
  <datafield tag="667" ind1=" " ind2=" ">
    <subfield code="a">THIS 1XX FIELD CANNOT BE USED UNDER RDA UNTIL THIS RECORD HAS BEEN REVIEWED AND/OR UPDATED</subfield>
  </datafield>
  <datafield tag="670" ind1=" " ind2=" ">
    <subfield code="a">Tezisy dokladov Rossiĭskoĭ nauchno-prakticheskoĭ konferent︠s︡ii "Ėtnicheskiĭ faktor i politika--istorii︠a︡ i sovremennostʹ", 3-4 marta 2000 g, 2000.:</subfield>
    <subfield code="b">t.p. verso (held in Izhevsk, Russia)</subfield>
  </datafield>
</record>